@article{Caruana:1997:ML:262868.262872,
 author = {Caruana, Rich},
 title = {Multitask Learning},
 journal = {Mach. Learn.},
 issue_date = {July 1997},
 volume = {28},
 number = {1},
 month = jul,
 year = {1997},
 issn = {0885-6125},
 pages = {41--75},
 numpages = {35},
 url = {https://doi.org/10.1023/A:1007379606734},
 doi = {10.1023/A:1007379606734},
 acmid = {262872},
 publisher = {Kluwer Academic Publishers},
 address = {Hingham, MA, USA},
 keywords = {backpropagation, generalization, inductive transfer, k-nearest neighbor, kernel regression, multitask learning, parallel transfer, supervised learning},
}


@article{Maurer:2016:BMR:2946645.3007034,
 author = {Maurer, Andreas and Pontil, Massimiliano and Romera-Paredes, Bernardino},
 title = {The Benefit of Multitask Representation Learning},
 journal = {J. Mach. Learn. Res.},
 issue_date = {January 2016},
 volume = {17},
 number = {1},
 month = jan,
 year = {2016},
 issn = {1532-4435},
 pages = {2853--2884},
 numpages = {32},
 url = {http://dl.acm.org/citation.cfm?id=2946645.3007034},
 acmid = {3007034},
 publisher = {JMLR.org},
 keywords = {learning-to-learn, multitask learning, representation learning, statistical learning theory, transfer learning},
} 

@article{Ando:2005:FLP:1046920.1194905,
 author = {Ando, Rie Kubota and Zhang, Tong},
 title = {A Framework for Learning Predictive Structures from Multiple Tasks and Unlabeled Data},
 journal = {J. Mach. Learn. Res.},
 issue_date = {12/1/2005},
 volume = {6},
 month = dec,
 year = {2005},
 issn = {1532-4435},
 pages = {1817--1853},
 numpages = {37},
 url = {http://dl.acm.org/citation.cfm?id=1046920.1194905},
 acmid = {1194905},
 publisher = {JMLR.org},
}

@inproceedings{Nair:2010:RLU:3104322.3104425,
 author = {Nair, Vinod and Hinton, Geoffrey E.},
 title = {Rectified Linear Units Improve Restricted Boltzmann Machines},
 booktitle = {Proceedings of the 27th International Conference on International Conference on Machine Learning},
 series = {ICML'10},
 year = {2010},
 isbn = {978-1-60558-907-7},
 location = {Haifa, Israel},
 pages = {807--814},
 numpages = {8},
 url = {http://dl.acm.org/citation.cfm?id=3104322.3104425},
 acmid = {3104425},
 publisher = {Omnipress},
 address = {USA},
} 

%A few things
@inproceedings{TjongKimSang:2003:ICS:1119176.1119195,
 author = {Tjong Kim Sang, Erik F. and De Meulder, Fien},
 title = {Introduction to the CoNLL-2003 Shared Task: Language-independent Named Entity Recognition},
 booktitle = {Proceedings of the Seventh Conference on Natural Language Learning at HLT-NAACL 2003 - Volume 4},
 series = {CONLL '03},
 year = {2003},
 location = {Edmonton, Canada},
 pages = {142--147},
 numpages = {6},
 url = {https://doi.org/10.3115/1119176.1119195},
 doi = {10.3115/1119176.1119195},
 acmid = {1119195},
 publisher = {Association for Computational Linguistics},
 address = {Stroudsburg, PA, USA},
} 

@inproceedings{pradhan-etal:2013:conll-2013,
  author = {Pradhan, Sameer and Moschitti, Alessandro and Xue, Nianwen and Ng,
	Hwee Tou and Bj{รถ}rkelund, Anders and Uryupina, Olga and Zhang,
	Yuchen and Zhong, Zhi},
  title = {Towards Robust Linguistic Analysis using OntoNotes},
  booktitle = {Proceedings of the Seventeenth Conference on Computational Natural
	Language Learning},
  year = {2013},
  pages = {143-152},
  address = {Sofia, Bulgaria},
  month = {August},
  publisher = {Association for Computational Linguistics},
  keywords = {gcl,sfb732-d8},
  url = {http://www.aclweb.org/anthology/W13-3516}
}


@article{Srivastava:2014:DSW:2627435.2670313,
 author = {Srivastava, Nitish and Hinton, Geoffrey and Krizhevsky, Alex and Sutskever, Ilya and Salakhutdinov, Ruslan},
 title = {Dropout: A Simple Way to Prevent Neural Networks from Overfitting},
 journal = {J. Mach. Learn. Res.},
 issue_date = {January 2014},
 volume = {15},
 number = {1},
 month = jan,
 year = {2014},
 issn = {1532-4435},
 pages = {1929--1958},
 numpages = {30},
 url = {http://dl.acm.org/citation.cfm?id=2627435.2670313},
 acmid = {2670313},
 publisher = {JMLR.org},
 keywords = {deep learning, model combination, neural networks, regularization},
} 

@article{DBLP:journals/corr/KingmaB14,
  author    = {Diederik P. Kingma and
               Jimmy Ba},
  title     = {Adam: {A} Method for Stochastic Optimization},
  journal   = {CoRR},
  volume    = {abs/1412.6980},
  year      = {2014},
  url       = {http://arxiv.org/abs/1412.6980},
  archivePrefix = {arXiv},
  eprint    = {1412.6980},
  timestamp = {Wed, 07 Jun 2017 14:40:52 +0200},
  biburl    = {http://dblp.org/rec/bib/journals/corr/KingmaB14},
  bibsource = {dblp computer science bibliography, http://dblp.org}
}

@inproceedings{xu2017local,
  year = 2017,
  publisher = {Association for Computational Linguistics ({ACL})},
  author = {Mingbin Xu and Hui Jiang and Sedtawut Watcharawittayakul},
  title = {A Local Detection Approach for Named Entity Recognition and Mention Detection},
  booktitle = {Proceedings of the 55th Annual Meeting of the Association for Computational Linguistics}
}

@article{xu2016fofe,
  title={A FOFE-based Local Detection Approach for Named Entity Recognition and Mention Detection},
  author={Xu, Mingbin and Jiang, Hui},
  journal={arXiv preprint arXiv:1611.00801},
  year={2016}
}


@inproceedings{zhang2015fixed,
  doi = {10.3115/v1/p15-2081},
  year = 2015,
  publisher = {Association for Computational Linguistics ({ACL})},
  author = {Shiliang Zhang and Hui Jiang and Mingbin Xu and Junfeng Hou and Lirong Dai},
  title = {The Fixed-Size Ordinally-Forgetting Encoding Method for Neural Network Language Models},
  booktitle = {Proceedings of the 53rd Annual Meeting of the Association for Computational Linguistics and the 7th International Joint Conference on Natural Language Processing (Volume 2: Short Papers)}
}


@article{zhang2015arxiv,
  title={A Fixed-Size Encoding Method for Variable-Length Sequences with its Application to Neural Network Language Models},
  author={Zhang, Shiliang and Jiang, Hui and Xu, Mingbin and Hou, Junfeng and Dai, Lirong},
  journal={arXiv preprint arXiv:1505.01504.},
  year={2015}
}


@inproceedings{mikolov2013distributed,
  title={Distributed representations of words and phrases and their compositionality},
  author={Mikolov, Tomas and Sutskever, Ilya and Chen, Kai and Corrado, Greg S and Dean, Jeff},
  booktitle={Advances in neural information processing systems},
  pages={3111--3119},
  year={2013}
}


%% english gigaword
@article{parker2011english,
  title={English gigaword},
  author={Parker, Robert and Graff, David and Kong, Junbo and Chen, Ke and Maeda, Kazuaki},
  journal={Linguistic Data Consortium},
  year={2011}
}


%% chinese gigaword
@article{graff2005chinese,
  title={Chinese gigaword},
  author={Graff, David and Chen, Ke},
  journal={LDC Catalog No.: LDC2003T09, ISBN},
  volume={1},
  pages={58563--58230},
  year={2005}
}


%% spanish gigaword
@book{mendonca2009spanish,
  title={Spanish gigaword second edition},
  author={Mendonca, Angelo and Graff, David Andrew and DiPersio, Denise},
  year={2009},
  publisher={Linguistic Data Consortium}
}


@article{breiman1996bagging,
  title={Bagging predictors},
  author={Breiman, Leo},
  journal={Machine learning},
  volume={24},
  number={2},
  pages={123--140},
  year={1996},
  publisher={Springer}
}


@InProceedings{joseph2017embed,
 author = {Sanu, Joseph and Xu, Mingbin and Jiang, Hui and Liu, Quan},
 title =  "Word Embeddings based on Fixed-Size Ordinally Forgetting Encoding",
 booktitle =  "Proceedings of the 2017 Conference on Empirical Methods in Natural Language Processing",
 year =  "2017",
 publisher =  "Association for Computational Linguistics",
 pages =  "310--315",
 location =  "Copenhagen, Denmark",
 url =  "http://aclweb.org/anthology/D17-1031"
}



@inproceedings{xu2016yorknrm,
 title={The YorkNRM Systems for Trilingual EDL Tasks at TAC KBP 2016},
 author={Xu, Mingbin and Wei, Feng and Watcharawittayakul, Sedtawut and Kang, Yuchen and Jiang, Hui},
 booktitle={Proceedings of the 9th Text Analysis Conference (TAC2016)},
 year={2016}
}



@inproceedings{gutmann2010noise,
  title={Noise-contrastive estimation: A new estimation principle for unnormalized statistical models},
  author={Gutmann, Michael and Hyv{\"a}rinen, Aapo},
  booktitle={Proceedings of the Thirteenth International Conference on Artificial Intelligence and Statistics},
  pages={297--304},
  year={2010}
}



@inproceedings{glorot2011deep,
  title={Deep Sparse Rectifier Networks},
  author={Glorot, X. and Bordes, A. and Bengio, Y.},
  booktitle={International Conference on Artificial Intelligence and Statistics. JMLR W\&CP:},
  volume={15},
  pages={315--323},
  year={2011}
}


@inproceedings{kbp2016iflytek,
	title={The {USTC\_NELSLIP} Systems for Trilingual Entity Detection and Linking Tasks at {TAC KBP} 2016},
	author={Dan Liu and Wei Lin and Shiliang Zhang and  Si Wei and  Hui Jiang},
	booktitle={Proceedings of Text Analysis Conference (TAC2016)},
	year={2016}
}

@inproceedings{kbpoverview2015,
	title={Overview of TAC-KBP2015 Tri-lingual Entity Discovery and Linking},
	author={Heng Ji and Joel Nothman and Ben Hachey},
	booktitle={Proceedings of Text Analysis Conference (TAC2015)},
	year={2015}
}

@article{rondeau2016lstm,
  title={{LSTM}-Based NeuroCRFs for Named Entity Recognition},
  author={Rondeau, Marc-Antoine and Su, Yi},
  journal={Interspeech 2016},
  pages={665--669},
  year={2016}
}

@article{chiu2016named,
	title={Named entity recognition with bidirectional {LSTM-CNN}s},
	author={Chiu, Jason PC and Nichols, Eric},
	journal={Transactions of the Association for Computational Linguistics},
	volume={4},
	pages={357--370},
	year={2016}
}

%% 90.10, BLSTM, CRF
%% super hand-crafted spelling features, senna, bigram, trigram
@article{huang2015bidirectional,
	title={Bidirectional {LSTM-CRF} models for sequence tagging},
	author={Huang, Zhiheng and Xu, Wei and Yu, Kai},
	journal={arXiv preprint arXiv:1508.01991},
	year={2015}
}

%% 89.59, CNN, CRF
%% senna, gaz
@article{collobert2011natural,
	title={Natural language processing (almost) from scratch},
	author={Collobert, Ronan and Weston, Jason and Bottou, L{\'e}on and Karlen, Michael and Kavukcuoglu, Koray and Kuksa, Pavel},
	journal={Journal of Machine Learning Research},
	volume={12},
	number={Aug},
	pages={2493--2537},
	year={2011}
}

%% general RNN paper
@incollection{graves2012neural,
	title={Neural Networks},
	author={Graves, Alex},
	booktitle={Supervised Sequence Labelling with Recurrent Neural Networks},
	pages={15--35},
	year={2012},
	publisher={Springer}
}

%% FSMN
@article{zhang2016compact,
	title={Compact Feedforward Sequential Memory Networks for Large Vocabulary Continuous Speech Recognition},
author={Zhang, Shiliang and Jiang, Hui and Xiong, Shifu and Wei, Si and Dai, Lirong},
journal={Interspeech 2016},
pages={3389--3393},
year={2016}
}

%% CharWNN
@inproceedings{dos2015boosting,
	title={Boosting named entity recognition with neural character embeddings},
	author={dos Santos, C{\i}cero and Guimaraes, Victor and Niter{\'o}i, RJ and de Janeiro, Rio},
	booktitle={Proceedings of NEWS 2015 The Fifth Named Entities Workshop},
	pages={25},
	year={2015}
}

%% wikiNER
@article{nothman2013learning,
	title={Learning multilingual named entity recognition from Wikipedia},
	author={Nothman, Joel and Ringland, Nicky and Radford, Will and Murphy, Tara and Curran, James R},
	journal={Artificial Intelligence},
	volume={194},
	pages={151--175},
	year={2013},
	publisher={Elsevier}
}

%% 88.76, 4-classifer emsemble
%% CoNLL2003 best result 
@inproceedings{florian2003named,
	title={Named entity recognition through classifier combination},
	author={Florian, Radu and Ittycheriah, Abe and Jing, Hongyan and Zhang, Tong},
	booktitle={Proceedings of the seventh conference on Natural language learning at HLT-NAACL 2003-Volume 4},
	pages={168--171},
	year={2003},
	organization={Association for Computational Linguistics}
}


%% conll2003 overview
@inproceedings{tjong2003introduction,
	title={Introduction to the CoNLL-2003 shared task: Language independent named entity recognition.},
	author={Erik F Tjong Kim Sang and Fien De Meulder},
	booktitle={Proceedings of the Seventh Conference on Natural Language Learning at HLT-NAACL 2003,},
	pages={142โ147},
	year={2003}
}

%% universal approximator
@article{hornik1991approximation,
	title={Approximation capabilities of multilayer feedforward networks},
	author={Hornik, Kurt},
	journal={Neural networks},
	volume={4},
	number={2},
	pages={251--257},
	year={1991},
	publisher={Elsevier}
}


%% cnn used in our work
@article{kim2015character,
	title={Character-aware neural language models},
	author={Kim, Yoon and Jernite, Yacine and Sontag, David and Rush, Alexander M},
	journal={arXiv preprint arXiv:1508.06615},
	year={2015}
}